2016 3766
96 236 204 359 Ἰ(Ν
265 232 267 239 ’
368 236 637 363 QPraefario
814 274 872 347 J

104 442 317 535 'queritiilimo
317 454 535 539 compatribus
561 451 710 529 societatis
735 444 800 513 lesu
819 455 976 519 literarum

103 560 288 621 commercio
323 570 353 618 et
382 575 422 616 ex
453 556 621 632 singulari,
656 573 729 635 quae
754 556 832 616 inter
863 577 918 619 eos
945 574 987 621 et

92 644 284 724 'Murrium
300 661 431 745 nostrum
449 659 564 734 semper
589 659 809 745 intercesserat,
837 664 976 749 familia·

95 770 211 859 ritate,
236 748 550 841 Cryptocatholicismi
568 773 596 821 et
612 734 777 824 lesuitismi
774 777 848 824 orta
868 767 910 824 est
925 767 976 827 su·

93 871 218 947 'spicio,
240 884 328 944 quarn
351 866 476 939 omnino
492 863 621 940 effugere
641 865 834 969 nequiverat.
870 862 976 948 Quart

93 980 149 1035 'tas
171 972 271 1032 turbbs
293 969 467 1030 excitaverit
488 980 668 1045 quantasque
700 971 847 1031 molestias
868 971 976 1034 Mur·

96 1072 156 1137 'rio
176 1076 275 1135 nostro
300 1073 452 1151 iaceffierit
470 1073 543 1132 olim
565 1072 617 1131 ista
645 1070 791 1146 suspici0‚
830 1078 974 1140 omnibus

94 1177 241 1249 ‘historiae
268 1164 530 1252 literariae'gna'ris
555 1177 708 1261 cognitum
729 1176 769 1237 est
790 1162 879 1255 atque
902 1200 974 1256 per.

88 1276 247 1361 'spectum
280 1284 335 1341 Per
349 1299 452 1341 omnes
470 1283 531 1341 fere
548 1281 682 1355 priorum
695 1291 864 1355 temporum
878 1286 974 1361 eph'e-

102 1375 230 1449 merides
242 1385 384 1446 literarias
397 1401 432 1443 ac
446 1360 578 1444 librerias
592 1386 762 1463 percrebuit
774 1387 972 1462 perstrepuit-

102 1508 167 1568 que
184 1491 375 1567 pervulgatus
396 1485 484 1560 hujus
506 1488 550 1547 rei
573 1504 687 1554 ιιιιιιοι
715 1492 733 1539 l
739 1490 912 1551 Praesertim
934 1497 982 1555 b.-

88 1572 318 1665 'Nicoloiumv
350 1592 524 1652 universalis
555 1578 741 1657 Teutonicae
768 1595 972 1661 bibliothecae

94 1700 247 1759 editorem
261 1695 384 1771 ejusque
398 1695 601 1755 recenfionunr
618 1702 755 1759 auctores
769 1696 909 1772 expertus
926 1703 972 1762 est

92 1800 261 1874 'Murrius
283 1800 381 1859 noster
409 1798 618 1871 adversarios,
653 1802 828 1876 quibuscum
848 1803 968 1878 saepius

95 1896 207 1969 acriter
222 1923 257 1965 ac
272 1903 462 1978 pertinaciter
477 1902 662 1963 conflictatus
677 1904 726 1967 est.
766 1904 884 1976 scripto
903 1912 969 1971 cui·

99 2011 168 2070 dam
184 2001 336 2083 polemico
357 2003 492 2079 praefixit
511 1998 584 2065 illud
599 2008 709 2083 dictum
724 2007 867 2083 biblicum
882 2008 969 2088 (Re,

100 2113 161 2174 vel.
182 2106 294 2180 Iolr.ll‚
316 2106 381 2187 6.)
403 2150 426 2181 ,,
435 2109 532 2183 Opera
553 2107 808 2171 Nicolaitorum
829 2112 969 2175 odisti—-

90 2204 237 2292 'equidem
258 2213 348 2272 odi.'’

979 1958 986 1985 i

92 2384 97 2475 j
115 2434 118 2441 .
180 2386 268 2455 Haud
282 2385 418 2466 exiguum
431 2404 524 2468 porro
537 2390 682 2451 librorum
699 2358 851 2453 numeiurn
861 2391 964 2471 Mun.

93 2486 219 2560 'alinae
239 2491 398 2557 eruditioni
425 2513 459 2555 ac
478 2492 645 2581 diligentiae
669 2493 818 2583 debemus.
874 2490 963 2581 Catq'.

96 2605 199 2679 logum
222 2590 491 2681 ,eorumexhibent
514 2597 581 2654 VV.
607 2595 670 2655 CC.
696 2595 882 2660 Meneclius
904 2602 981 2684 (inf

87 2706 248 2769 ’,Ἔειιιοιιιι
262 2699 411 2780 Erudita)
434 2714 464 2761 et
478 2697 698 2778 Nop'iisclrius
720 2699 776 2779 (nr
793 2707 960 2769 Continua

92 2811 180 2873 tione
214 2802 373 2871 Wuuam‘
399 2804 516 2868 Lexici
531 2805 724 2866 Eruditorum
756 2811 960 2919 Noribergen-

93 2906 218 2994 ilum.)
303 2936 367 3008 J·

109 3158 112 3163 ‚
177 3087 213 3150 In
227 3085 338 3169 Nopil
325 3084 480 3146 treblano
492 3062 668 3168 scriptorum
688 3084 959 3156 Montanorum

96 3194 264 3255 receniione
288 3192 354 3252 sunt
378 3194 518 3267 quaedam
538 3199 644 3270 partim
666 3198 868 3273 emendanda,
889 3217 968 3297 ιιιι·Ι

95 3297 306 3375 annuenda,
325 3295 443 3376 partim
452 3299 593 3411 addenda.
648 3356 670 3385 .·.
757 3314 760 3321 ·

841 3454 844 3459 ,
887 3452 987 3556 Μ
